@inproceedings{char,
author = {Alex, Markuze and Vargaftik, Shay and Kupfer, Gil and Pismeny, Boris and Amit, Nadav and Morrison, Adam and Tsafrir, Dan},
title = {Characterizing, exploiting, and detecting DMA code injection vulnerabilities in the presence of an IOMMU},
series = {EuroSys '21}
}

@article{thunderclap,
  title={Thunderclap: Exploring vulnerabilities in operating system IOMMU protection via DMA from untrustworthy peripherals},
  author={Markettos, A Theodore and Rothwell, Colin and Gutstein, Brett F and Pearce, Allison and Neumann, Peter G and Moore, Simon W and Watson, Robert NM},
  year={2019},
  publisher={Internet Society}
}